@article{guo2014new,
  title={A New Lax--Wendroff Discontinuous Galerkin Method with Superconvergence},
  author={Guo, Wei and Qiu, Jing-Mei and Qiu, Jianxian},
  journal={Journal of Scientific Computing},
  pages={1--28},
  year={2014},
  publisher={Springer}
}

@article{berger1998adaptive,
  title={Adaptive mesh refinement using wave-propagation algorithms for hyperbolic systems},
  author={Berger, Marsha J and LeVeque, Randall J},
  journal={SIAM Journal on Numerical Analysis},
  volume={35},
  number={6},
  pages={2298--2316},
  year={1998},
  publisher={SIAM}
}

@article{fankhauser2014hp,
  title={The hp-adaptive FEM based on continuous Sobolev embeddings: Isotropic refinements},
  author={Fankhauser, Thomas and Wihler, Thomas P and Wirz, Marcel},
  journal={Computers \& Mathematics with Applications},
  volume={67},
  number={4},
  pages={854--868},
  year={2014},
  publisher={Elsevier}
}

@article{dumbser2005ader,
  title={ADER discontinuous Galerkin schemes for aeroacoustics},
  author={Dumbser, Michael and Munz, Claus-Dieter},
  journal={Comptes Rendus M{\'e}canique},
  volume={333},
  number={9},
  pages={683--687},
  year={2005},
  publisher={Elsevier}
}
@article{dumbser2007arbitrary,
  title={An arbitrary high-order Discontinuous Galerkin method for elastic waves on unstructured meshes-V. Local time stepping and p-adaptivity},
  author={Dumbser, Michael and K{\"a}ser, Martin and Toro, Eleuterio F},
  journal={Geophysical Journal International},
  volume={171},
  number={2},
  pages={695--717},
  year={2007},
  publisher={Oxford University Press}
}