@article{remacle2003adaptive,
  title={An adaptive discontinuous Galerkin technique with an orthogonal basis applied to compressible flow problems},
  author={Remacle, Jean-Fran{\c{c}}ois and Flaherty, Joseph E and Shephard, Mark S},
  journal={SIAM review},
  volume={45},
  number={1},
  pages={53--72},
  year={2003},
  publisher={SIAM}
}

@article{berger1998adaptive,
  title={Adaptive mesh refinement using wave-propagation algorithms for hyperbolic systems},
  author={Berger, Marsha J and LeVeque, Randall J},
  journal={SIAM Journal on Numerical Analysis},
  volume={35},
  number={6},
  pages={2298--2316},
  year={1998},
  publisher={SIAM}
}

@article{eskilsson2011hp,
  title={An hp-adaptive discontinuous Galerkin method for shallow water flows},
  author={Eskilsson, Claes},
  journal={International Journal for Numerical Methods in Fluids},
  volume={67},
  number={11},
  pages={1605--1623},
  year={2011},
  publisher={Wiley Online Library}
}

@book{trefethen2013approximation,
  title={Approximation theory and approximation practice},
  author={Trefethen, Lloyd N},
  year={2013},
  publisher={Siam}
}

@article{tumolo2013semi,
  title={A semi-implicit, semi-Lagrangian, p-adaptive discontinuous Galerkin method for the shallow water equations},
  author={Tumolo, Giovanni and Bonaventura, Luca and Restelli, Marco},
  journal={Journal of Computational Physics},
  volume={232},
  number={1},
  pages={46--67},
  year={2013},
  publisher={Elsevier}
}

@article{cockburn1998runge,
  title={The Runge--Kutta discontinuous Galerkin method for conservation laws V: multidimensional systems},
  author={Cockburn, Bernardo and Shu, Chi-Wang},
  journal={Journal of Computational Physics},
  volume={141},
  number={2},
  pages={199--224},
  year={1998},
  publisher={Elsevier}
}